% Copyright 2014–2015 Justin Lardinois
%
% Licensed under the Apache License, Version 2.0 (the "License");
% you may not use this file except in compliance with the License.
% You may obtain a copy of the License at
%
%   http://www.apache.org/licenses/LICENSE-2.0
%
% Unless required by applicable law or agreed to in writing, software
% distributed under the License is distributed on an "AS IS" BASIS,
% WITHOUT WARRANTIES OR CONDITIONS OF ANY KIND, either express or implied.
% See the License for the specific language governing permissions and
% limitations under the License.
%%%%%%%%%%%%%%%%%%%%%%%%%%%%%%%%%%%%%%%%%%%%%%%%%%%%%%%%%%%%%%%%%%%%%%%%%%%%%%%
% docs/design.bib - a component of pCRP
% references for design.tex

@misc{flask,
	author = {Armin Ronacher},
	title  = {{A}{P}{I} — {F}lask {D}ocumentation (0.10)},
	note   = {\url{http://flask.pocoo.org/docs/0.10/api/}},
}

@misc{python3,
	title = {Python 3 — {W}{S}{G}{I}.org},
	note  = {\url{http://wsgi.readthedocs.org/en/latest/python3.html}},
}

@misc{souza,
	author = {Francisco Souza},
	title  = {Flying with {F}lask on {G}oogle {A}pp {E}ngine},
	note   = {\url{http://f.souza.cc/2010/08/flying-with-flask-on-google-app-engine.html}},
}
